@Manual{R,
  title = {R: A Language and Environment for Statistical Computing},
  author = {{R Core Team}},
  organization = {R Foundation for Statistical Computing},
  address = {Vienna, Austria},
  year = {2018},
  note = {{ISBN} 3-900051-07-0},
  url = {http://www.R-project.org/},
}

@article{ihaka:1996,
  Author = {Ihaka, Ross and Gentleman, Robert},
	Journal = {Journal of Computational and Graphical Statistics},
	Number = 3,
	Pages = {299--314},
	Title = {R: A Language for Data Analysis and Graphics},
	Volume = 5,
	Year = 1996}

@ARTICLE {gt_pp_mc,
    author  = "Dianne Cook and Andreas Buja and Eun-Kyung Lee and Hadley Wickham",
    title   = "Grand Tours, Projection Pursuit Guided Tours and Manual Controls",
    year = "2007"
}

@ARTICLE {gt_pp,
    author  = "Dianne Cook and Andreas Buja and Javier Cabrera and Catherine Hurley",
    title   = "Grand Tour and Projection Pursuit",
    journal = "Journal of Computational and Graphical Statistics",
    year    = "1995",
    volume  = "4",
    number  = "4",
    pages   = "155--172",
}

@ARTICLE{tourr,
    title = {tourr: An R Package for Exploring Multivariate Data
        with Projections},
    author = {Hadley Wickham and Dianne Cook and Heike Hofmann and Andreas Buja},
    journal = {Journal of Statistical Software},
    year = {2011},
    volume = {40},
    number = {2},
    pages = {1--18}
  }

@ARTICLE{tourrGui,
    title = {tourrGui: A gWidgets GUI for the Tour to Explore
        High-Dimensional Data Using Low-Dimensional Projections},
    author = {Bei Huang and Dianne Cook and Hadley Wickham},
    journal = {Journal of Statistical Software},
    year = {2012},
    volume = {49},
    number = {6},
    pages = {1--12}
  }

@Article{RGtk2,
    title = {{RGtk2}: A Graphical User Interface Toolkit for {R}},
    author = {Michael Lawrence and Duncan {Temple Lang}},
    journal = {Journal of Statistical Software},
    year = {2010},
    volume = {37},
    number = {8},
    pages = {1--52},
    url = {http://www.jstatsoft.org/v37/i08/},
}

@Manual{shiny,
    title = {shiny: Web Application Framework for R},
    author = {Winston Chang and Joe Cheng and JJ Allaire and Yihui Xie and Jonathan McPherson},
    year = {2017},
    note = {R package version 1.0.5},
    url = {https://CRAN.R-project.org/package=shiny},
  }

@article{D3,
  title = {D3: Data-Driven Documents},
  author = {Bostock, Michael and Ogievetsky, Vadim and Heer, Jeffrey},
  journal = {IEEE Transactions on Visualization and Computer Graphics},
  year = {2011},
 volume = {17},
 number = {12},
 pages = {2301--2309},
 url = {http://vis.stanford.edu/papers/d3}
}

@Article{RGtk2,
    title = {{RGtk2}: A Graphical User Interface Toolkit for {R}},
    author = {Michael Lawrence and Duncan {Temple Lang}},
    journal = {Journal of Statistical Software},
    year = {2010},
    volume = {37},
    number = {8},
    pages = {1--52},
    url = {http://www.jstatsoft.org/v37/i08/},
}

